<collection xmlns="http://www.loc.gov/MARC21/slim"><record><leader>00839nam  2200253   450</leader><controlfield tag="001">647</controlfield><controlfield tag="003">http://montalegre.opacnet.com/OPAC/default.aspx?ContentAreaControl=ShowRegHoldings.ascx&amp;RegNo=16662</controlfield><controlfield tag="005">20</controlfield><datafield tag="100" ind1=" " ind2=" "><subfield code="a">20061013d1988 a y0pory0103 ba</subfield></datafield><datafield tag="101" ind1="0" ind2=" "><subfield code="a">por</subfield></datafield><datafield tag="102" ind1=" " ind2=" "><subfield code="a">PT</subfield></datafield><datafield tag="200" ind1="1" ind2=" "><subfield code="a">&lt;O &gt;segredo guardado no fundo do mar</subfield><subfield code="f">Fernando Bento Gomes</subfield><subfield code="g">ilustração de Ivone Ralha</subfield></datafield><datafield tag="210" ind1=" " ind2=" "><subfield code="a">Lisboa</subfield><subfield code="c">Caminho</subfield><subfield code="d">1988</subfield></datafield><datafield tag="215" ind1=" " ind2=" "><subfield code="a">140p.</subfield><subfield code="c">il.</subfield><subfield code="d">19cm</subfield></datafield><datafield tag="225" ind1="2" ind2=" "><subfield code="a">&lt;A &gt;nossa rua</subfield><subfield code="v">3</subfield></datafield><datafield tag="606" ind1="1" ind2=" "><subfield code="a">Literatura juvenil</subfield></datafield><datafield tag="608" ind1=" " ind2=" "><subfield code="a">Prosa narrativa</subfield></datafield><datafield tag="675" ind1=" " ind2=" "><subfield code="a">087.5</subfield></datafield><datafield tag="700" ind1=" " ind2="1"><subfield code="a">Gomes</subfield><subfield code="b">Fernando Bento</subfield><subfield code="f">1938-</subfield></datafield><datafield tag="702" ind1=" " ind2="1"><subfield code="a">Ralha</subfield><subfield code="b">Ivone</subfield><subfield code="4">440</subfield></datafield><datafield tag="801" ind1=" " ind2="0"><subfield code="a">PT</subfield><subfield code="b">Biblioteca Municipal de Montalegre</subfield><subfield code="g">RPC</subfield></datafield><datafield tag="856" ind1=" " ind2=" "><subfield code="u">locateMedia.asp?cod=20060523094639&amp;ext=jpg</subfield><subfield code="z">CAPA</subfield></datafield><datafield tag="909" ind1="&#9;" ind2=" "><subfield code="a">3</subfield></datafield><datafield tag="966" ind1=" " ind2=" "><subfield code="a">0002393</subfield><subfield code="l">BMM</subfield><subfield code="s">SJ 821.134.3 GOM seg 3</subfield></datafield><datafield tag="966" ind1=" " ind2=" "><subfield code="a">0002394</subfield><subfield code="l">BMM-PS</subfield><subfield code="s">821.134.3 GOM seg 3</subfield></datafield><datafield tag="966" ind1=" " ind2=" "><subfield code="a">0002395</subfield><subfield code="l">BMM</subfield><subfield code="s">SJ 821.134.3 GOM seg 3</subfield></datafield></record></collection>